@misc{Build20153:online,
author = {Microsoft},
title = {Build 2016 Keynote (Day 2)},
howpublished = {\url{https://www.youtube.com/watch?v=bf0Rr81is6U}},
month = {},
year = {},
note = {(Accessed on 04/08/2019)}
}

@misc{Sevenrea2:online,
author = {Irish Tech News},
title = {Seven reasons why Excel is still used by half a billion people worldwide},
howpublished = {\url{https://irishtechnews.ie/seven-reasons-why-excel-is-still-used-by-half-a-billion-people-worldwide/}},
month = {},
year = {},
note = {(Accessed on 04/08/2019)}
}

@misc{cdevs,
author = {},
title = {Infographic: C/C++ facts we learned before going ahead with CLion},
howpublished = {\url{https://blog.jetbrains.com/clion/2015/07/infographics-cpp-facts-before-clion/}},
month = {},
year = {},
note = {(Accessed on 04/08/2019)}
}

@misc{Develope3:online,
author = {Developer Economics},
title = {Developer Economics: State of the Developer Nation 15th Edition},
howpublished = {\url{https://www.developereconomics.com/reports/state-of-the-developer-nation-15th-edition}},
month = {},
year = {},
note = {(Accessed on 04/08/2019)}
}

@misc{GOTO201638:online,
author = {Felienne Hermans},
title = {GOTO 2016: Pure Functional Programming in Excel by Felienne Hermans},
howpublished = {\url{https://www.youtube.com/watch?v=0yKf8TrLUOw}},
month = {},
year = {},
note = {(Accessed on 04/08/2019)}
}

@misc{idaho,
author = {},
title = {Federal judge orders Idaho to restore \$16 million in Medicaid cuts to disabled | The Spokesman-Review},
howpublished = {\url{http://www.spokesman.com/blogs/boise/2014/mar/27/federal-judge-orders-idaho-restore-16-million-medicaid-cuts-disabled/}},
month = {},
year = {},
note = {(Accessed on 04/24/2019)}
}

@misc{graphqld,
author = {},
title = {burner/graphqld: A vibe.d library to handle the GraphQL Protocol written in the D Programming Language},
howpublished = {\url{https://github.com/burner/graphqld}},
month = {},
year = {},
note = {(Accessed on 05/03/2019)}
}

@misc{darser,
author = {},
title = {burner/Darser: LL1 Parser Generator for D},
howpublished = {\url{https://github.com/burner/Darser}},
month = {},
year = {},
note = {(Accessed on 05/03/2019)}
}

@misc{fakerjs,
author = {},
title = {Marak/faker.js: generate massive amounts of realistic fake data in Node.js and the browser},
howpublished = {\url{https://github.com/marak/Faker.js/}},
month = {},
year = {},
note = {(Accessed on 05/03/2019)}
}

@misc{faked,
author = {},
title = {kaleidicassociates/faked: D library to create real fake data},
howpublished = {\url{https://github.com/kaleidicassociates/faked}},
month = {},
year = {},
note = {(Accessed on 05/03/2019)}
}

@misc{graphql,
author = {},
title = {GraphQL | A query language for your API},
howpublished = {\url{https://graphql.org/}},
month = {},
year = {},
note = {(Accessed on 05/03/2019)}
}
